<record><leader>00000cas a2200000 a 4500</leader><controlfield tag="001">18398995</controlfield><controlfield tag="008">880825d19261947iludn ne      0   a0eng c</controlfield><datafield ind1=" " ind2=" " tag="010"><subfield code="a">sn 88084126 </subfield></datafield><datafield ind1=" " ind2=" " tag="040"><subfield code="a">PPM</subfield><subfield code="b">eng</subfield><subfield code="c">PPM</subfield><subfield code="d">NVF</subfield><subfield code="d">CVF</subfield><subfield code="d">OCLCQ</subfield><subfield code="d">CVF</subfield><subfield code="d">NVF</subfield><subfield code="d">CGU</subfield><subfield code="d">OCLCQ</subfield><subfield code="d">OCLCF</subfield><subfield code="d">NVF</subfield><subfield code="d">OCLCO</subfield></datafield><datafield ind1="1" ind2=" " tag="029"><subfield code="a">AU@</subfield><subfield code="b">000026495089</subfield></datafield><datafield ind1=" " ind2=" " tag="042"><subfield code="a">pcc</subfield></datafield><datafield ind1=" " ind2=" " tag="043"><subfield code="a">n-us-il</subfield></datafield><datafield ind1="0" ind2="4" tag="245"><subfield code="a">The daily post-tribune.</subfield></datafield><datafield ind1="3" ind2=" " tag="246"><subfield code="a">Daily post tribune</subfield></datafield><datafield ind1=" " ind2=" " tag="260"><subfield code="a">La Salle, Ill. ;</subfield><subfield code="a">Peru, Ill. :</subfield><subfield code="b">Daily Post Co.,</subfield><subfield code="c">1926-1947.</subfield></datafield><datafield ind1=" " ind2=" " tag="310"><subfield code="a">Daily (except Sunday)</subfield></datafield><datafield ind1="0" ind2=" " tag="362"><subfield code="a">36th year, no. 41 (Sept. 1, 1926)-58th year, no. 128 (May 31, 1947).</subfield></datafield><datafield ind1=" " ind2=" " tag="515"><subfield code="a">Continues the numbering of Salle daily tribune and Peru evening press.</subfield></datafield><datafield ind1=" " ind2=" " tag="530"><subfield code="a">Available on microfilm;</subfield><subfield code="b">Illinois State Historical Library.</subfield></datafield><datafield ind1=" " ind2=" " tag="580"><subfield code="a">Formed by the union of: La Salle daily tribune and Peru evening press, and: Daily post (La Salle, Ill.).</subfield></datafield><datafield ind1=" " ind2=" " tag="580"><subfield code="a">Merged with: Daily news-herald (Peru, Ill.), to form: Daily news-tribune (La Salle, Ill.).</subfield></datafield><datafield ind1=" " ind2="0" tag="651"><subfield code="a">La Salle (Ill.)</subfield><subfield code="v">Newspapers.</subfield></datafield><datafield ind1=" " ind2="0" tag="651"><subfield code="a">Peru (Ill.)</subfield><subfield code="v">Newspapers.</subfield></datafield><datafield ind1=" " ind2="7" tag="651"><subfield code="a">Illinois</subfield><subfield code="z">La Salle.</subfield><subfield code="2">fast</subfield><subfield code="0">(OCoLC)fst01219508</subfield></datafield><datafield ind1=" " ind2="7" tag="651"><subfield code="a">Illinois</subfield><subfield code="z">Peru.</subfield><subfield code="2">fast</subfield><subfield code="0">(OCoLC)fst01219161</subfield></datafield><datafield ind1=" " ind2="7" tag="655"><subfield code="a">Newspapers.</subfield><subfield code="2">fast</subfield><subfield code="0">(OCoLC)fst01423814</subfield></datafield><datafield ind1=" " ind2=" " tag="752"><subfield code="a">United States</subfield><subfield code="b">Illinois</subfield><subfield code="c">La Salle</subfield><subfield code="d">La Salle.</subfield></datafield><datafield ind1=" " ind2=" " tag="752"><subfield code="a">United States</subfield><subfield code="b">Illinois</subfield><subfield code="c">La Salle</subfield><subfield code="d">Peru.</subfield></datafield><datafield ind1="0" ind2="8" tag="776"><subfield code="i">Microfilm.</subfield><subfield code="t">Daily post-tribune</subfield><subfield code="w">(DLC)  2010262062</subfield><subfield code="w">(OCoLC)638994046</subfield></datafield><datafield ind1="1" ind2="4" tag="780"><subfield code="t">Salle daily tribune and Peru evening press</subfield><subfield code="w">(DLC)sn 88084125</subfield><subfield code="w">(OCoLC)18398962</subfield></datafield><datafield ind1="1" ind2="4" tag="780"><subfield code="t">Daily post (La Salle, Ill.)</subfield><subfield code="w">(DLC)sn 92053216</subfield><subfield code="w">(OCoLC)25609849</subfield></datafield><datafield ind1="1" ind2="7" tag="785"><subfield code="t">Daily news-herald (Peru, Ill.)</subfield><subfield code="w">(DLC)sn 92053213</subfield><subfield code="w">(OCoLC)25610527</subfield></datafield><datafield ind1="1" ind2="7" tag="785"><subfield code="t">Daily news-tribune (La Salle, Ill.)</subfield><subfield code="w">(DLC)sn 92053217</subfield><subfield code="w">(OCoLC)25610677</subfield></datafield></record>